<record><leader>00000cas a22000007a 4500</leader><controlfield tag="001">14281546</controlfield><controlfield tag="008">860930d185618uuiauwr ne      0    0ger d</controlfield><datafield ind1=" " ind2=" " tag="010"><subfield code="a">sn 86061100 </subfield></datafield><datafield ind1=" " ind2=" " tag="040"><subfield code="a">INP</subfield><subfield code="b">eng</subfield><subfield code="c">INP</subfield><subfield code="d">OCLCQ</subfield></datafield><datafield ind1=" " ind2=" " tag="042"><subfield code="a">msc</subfield></datafield><datafield ind1="0" ind2=" " tag="130"><subfield code="a">National-Demokrat (Dubuque, Iowa : 1856 : Weekly)</subfield></datafield><datafield ind1="1" ind2="4" tag="245"><subfield code="a">Der National-Demokrat.</subfield></datafield><datafield ind1="1" ind2="3" tag="246"><subfield code="a">Dubuque National-Demokrat</subfield></datafield><datafield ind1=" " ind2=" " tag="260"><subfield code="a">Dubuque, Iowa :</subfield><subfield code="b">F.A. Gniffke</subfield></datafield><datafield ind1=" " ind2=" " tag="300"><subfield code="a">v. :</subfield><subfield code="b">ill.</subfield></datafield><datafield ind1=" " ind2=" " tag="310"><subfield code="a">Weekly</subfield></datafield><datafield ind1="1" ind2=" " tag="362"><subfield code="a">Began in Aug. 1856.</subfield><subfield code="z">Cf. Bibl. of Iowa newspapers.</subfield></datafield><datafield ind1="1" ind2=" " tag="362"><subfield code="a">Ceased between 17. Mai 1859 and 19. Abril 1860.</subfield></datafield><datafield ind1=" " ind2=" " tag="588"><subfield code="a">Description based on: Jahrg. 3, Nr. 366 (17. Mai 1859).</subfield></datafield><datafield ind1=" " ind2=" " tag="752"><subfield code="a">United States</subfield><subfield code="b">Iowa</subfield><subfield code="c">Dubuque</subfield><subfield code="d">Dubuque.</subfield></datafield><datafield ind1="0" ind2=" " tag="775"><subfield code="t">National-Demokrat (Dubuque, Iowa : 1856 : Triweekly)</subfield><subfield code="w">(DLC)sn 86061099</subfield></datafield><datafield ind1="0" ind2="0" tag="785"><subfield code="t">Wo&#776;chentlicher National Demokrat</subfield><subfield code="w">(DLC)sn 86061101</subfield></datafield></record>